<record xmlns="http://www.loc.gov/MARC21/slim" xmlns:xsi="http://www.w3.org/2001/XMLSchema-instance" xsi:schemaLocation="http://www.loc.gov/MARC21/slim http://www.loc.gov/standards/marcxml/schema/MARC21slim.xsd"><leader>00704cz   2200181n  4500</leader><controlfield tag="001">oca01424490 </controlfield><controlfield tag="005">20000510083258.0</controlfield><controlfield tag="008">850912n| acannaab           |a aaa      </controlfield><datafield ind1=" " ind2=" " tag="010"><subfield code="a">n  85196363 </subfield></datafield><datafield ind1=" " ind2=" " tag="040"><subfield code="a">InU</subfield><subfield code="c">DLC</subfield></datafield><datafield ind1="0" ind2=" " tag="100"><subfield code="a">Alcibiades</subfield></datafield><datafield ind1="0" ind2=" " tag="400"><subfield code="a">Alkibiades</subfield></datafield><datafield ind1="0" ind2=" " tag="400"><subfield code="a">Alcibiade</subfield></datafield><datafield ind1=" " ind2=" " tag="670"><subfield code="a">Malvezzi, V. Considerations upon the lives of Alcibiades and Corialanus, 1650.</subfield></datafield><datafield ind1=" " ind2=" " tag="670"><subfield code="a">Oxford classical dict., 2nd ed.</subfield><subfield code="b">(Alcibiades, ca. 450-404 B.C.; Athenian general and statesman)</subfield></datafield><datafield ind1=" " ind2=" " tag="670"><subfield code="a">Lex. d. alten Welt</subfield><subfield code="b">(Alkibiades)</subfield></datafield><datafield ind1=" " ind2=" " tag="670"><subfield code="a">LC data base, 8/22/85</subfield><subfield code="b">(hdg.: Alcibiades)</subfield></datafield><datafield ind1=" " ind2=" " tag="670"><subfield code="a">Aspirazione al consenso e azione politica in alcuni contesti di fine V sec. a.C., c1999:</subfield><subfield code="b">t.p. (Alcibiade)</subfield></datafield></record>